@online{LTTngSite,
title = {LTTng: an open source tracing framework for Linux},
url = {https://lttng.org/},
urldate = {2020-03-25}
}

@online{LowLatencyHT,
author = {Evgueny Khartchenko}
title = {Optimizing Computer Applications for Latency: Part 1: Configuring the Hardware},
url = {https://software.intel.com/content/www/us/en/develop/articles/optimizing-computer-applications-for-latency-part-1-configuring-the-hardware.html},
urldate = {2020-03-28},
year = {2017}
}

@online{BoostInterprocess,
author = {Ion Gaztanaga},
title = {Chapter 18. Boost.Interprocess},
url = {https://www.boost.org/doc/libs/1_63_0/doc/html/interprocess.html},
urldate = {2020-03-25}
}

@mastersthesis{LTTngThesis,
title = {Исследование и разработка методов трассировки событий в параллельных и распределенных системах},
author = {Анастасия Кузичкина},
month = jun,
type = {Пояснительная записка выпускной квалификационной работы},
year = {2017},
address = {Факультет ПИиКТ},
institution = {Университет ИТМО},
language = {russian}
}

@mastersthesis{IPCInterVirtualMachineShmem,
title = {Interprocess Communication Mechanisms With Inter-Virtual Machine Shared Memory},
author = {Ke Xiaodi},
year = {2011},
type = {Master's dissertation},
address = {Department of Computing Science},
institution = {University of Alberta},
language = {english},
doi = {https://doi.org/10.7939/R3PH6H}
}

@phdthesis{IPCInterVirtualMachineShmemOptimizations,
title = {Shared-Memory Optimizations for Virtual Machines},
author = {A. Cameron Macdonell},
year = {2011},
type = {PhD dissertation},
address = {Department of Computing Science},
institution = {University of Alberta},
language = {english},
doi = {https://doi.org/10.7939/R3Q715}
}

@online{Smith2012DraftH,
title={Draft: Have you checked your IPC performance lately?},
author={Smith, Steven and Madhavapeddy, Anil and Smowton, Christopher and Schwarzkopf, Malte and Mortier, Richard and Hand, Steven and Watson, Robert M},
publisher={Citeseer},
year = {2012},
url = {https://www.semanticscholar.org/paper/Draft-%3A-Have-you-checked-your-IPC-performance-Smith-Madhavapeddy/1cb3b82e2ef6a95b576573b8af0f3ec6f7bc21d9},
urldate = {2020-03-25}
}